2300 3650
130 227 185 282 178
514 244 635 283 aarum.

125 380 219 449 demss’
245 392 326 457 rogat
351 382 483 452 cuculus,
508 382 575 439 “de
599 401 645 439 me
666 381 844 459 judicanti’'
897 374 1027 443 “HQ''

126 459 216 534 inquit
243 472 368 530 sturnus,
390 461 521 518 “dicere
545 480 676 535 nequeo;
712 478 852 534 nusquam
879 455 956 512 euim
984 453 1027 510 tui

125 537 156 594 fn
184 539 319 595 ruentiol'
371 539 466 596 Iratus
495 540 580 617 igitur
605 539 747 597 cuculus:
783 537 859 595 “Ne
887 533 1027 604 inultus,’'

125 615 225 690 inquit,
241 624 259 649 ‘⁴
272 618 389 689 vivam,“
404 638 515 694 semper
530 620 566 676 de
581 638 626 676 me
640 619 701 708 ipse
716 618 843 693 loquar.’'

165 695 237 753 Haec
259 696 355 754 sabula
381 715 431 754 eos
455 709 574 772 spectat,
600 698 647 774 qui
669 714 780 772 semper
801 695 837 752 de
857 712 889 751 se
910 691 1028 767 suisque

124 774 234 832 meritis
247 775 409 853 loquuntur

234 983 262 1042 8.
290 983 349 1041 ΤΙιέ
368 982 456 1060 Wolf,
472 985 517 1042 tba
532 984 613 1060 Bag,
628 984 689 1041 ond
700 984 746 1041 tlte
760 981 912 1058 Sbepberd.

163 1121 262 1197 Opilio
276 1122 391 1196 quidam
413 1123 488 1179 saevd
510 1123 569 1179 lue⁶
584 1134 677 1180 totum
701 1140 785 1179 suum
802 1138 919 1198 gregem
932 1118 1029 1194 perdi·

124 1200 214 1258 dotat.
265 1200 369 1261 Quod
387 1199 455 1258 cirm
476 1201 561 1276 lupus
586 1201 779 1277 cognovisset,
808 1200 842 1256 ad
867 1198 1026 1273 opilionem

125 1278 256 1350 accessit,
271 1279 400 1336 dolorem
415 1280 527 1336 socium
547 1280 575 1337 ei
597 1280 836 1356 significaturus!
878 1285 896 1311 “
907 1277 1027 1353 Ergone
1083 1332 1085 1335 .

123 1356 234 1415 rerum‘
259 1360 333 1426 est,''
347 1357 449 1432 inquit,
474 1365 533 1415 “te
557 1369 666 1415 tantam
688 1358 790 1415 secisse
808 1357 960 1432 jacturam,
984 1365 1028 1411 to-

124 1447 242 1510 tumque
265 1436 361 1493 ovium
384 1455 501 1512 gregem
523 1437 705 1512 perdidisse?
747 1437 832 1493 Heu!
858 1434 944 1510 quiam
969 1434 1027 1491 tui!

124 1515 185 1573 me¹
207 1515 342 1571 misiret!
363 1514 520 1582 ‚Quantus
547 1527 590 1572 est
610 1516 692 1572 dolor
713 1516 837 1572 meus!''
880 1514 1029 1571 “Gratias

126 1595 208 1670 ago,''
223 1592 371 1668 respondit
391 1594 496 1667 opili03
519 1594 632 1651 “video
653 1594 696 1651 ,ea
712 1594 876 1652 calamitate
896 1594 960 1649 med
981 1610 1029 1648 ve·

125 1672 271 1729 hementer
284 1670 499 1729 commotum.'’‘.
549 1679 567 1706 “
581 1674 702 1748 Semper
716 1673 823 1744 enim,''
840 1672 920 1728 addit
932 1671 1027 1740 canis,

125 1750 256 1807 “dolore
271 1750 392 1807 afficitur
407 1749 501 1827 lupus,
516 1750 566 1809 ubi
587 1770 622 1809 ex
644 1752 765 1809 aliorum
787 1751 953 1809 calamitate
966 1750 1028 1827 ipse

121 1829 264 1906 jacturam
279 1830 375 1887 facit.''

522 1942 633 1951 —-

300 2015 303 2020 .
329 2040 357 2098 9.
385 2038 445 2098 Tbe
458 2038 536 2098 Pila
549 2039 611 2097 ond
622 2042 668 2098 tlte
679 2040 817 2116 Delphin.

165 2177 321 2248 Lucius,
314 2197 345 2235 m
380 2197 463 2252 amne
496 2179 621 2254 quodam
648 2178 755 2250 vivens,
789 2178 1027 2253 pulchritudine!

126 2223 324 2332 magnitudine
339 2275 372 2313 ac
387 2258 490 2314 robore
515 2260 629 2314 ceteros
643 2224 771 2334 ejusdein
794 2257 960 2315 fluminis
932 2278 1032 2334 pisces

125 2333 212 2411 longe
228 2333 404 2393 excedebat
436 2335 520 2393 Unde
541 2336 640 2393 cuncti
655 2334 741 2393 eum&
758 2336 981 2409 admirabantur,
1001 2350 1032 2397 et

126 2424 262 2487 tanquam
300 2433 396 2490 regem
431 2415 576 2490 praecipue
615 2416 862 2504 prosequebantur
898 2417 1030 2477 honore!

45 2493 47 2498 ’
125 2491 268 2553 Quare
262 2511 290 2548 m
326 2494 488 2567 superbiam
523 2494 626 2565 elatus,
661 2495 798 2569 majorem
834 2494 1031 2571 principatum

127 2570 213 2656 caepit
235 2573 377 2645 appetere.
420 2570 567 2629 Relicto
560 2576 647 2649 igitur
664 2572 778 2643 amne?
794 2572 824 2629 in
846 2593 902 2648 quo
923 2575 1032 2634 multos

127 2648 232 2706 ann0s”
258 2651 437 2725 regnaverat,
467 2669 545 2708 mare
570 2661 613 2708 est
637 2650 793 2728 ingressus,
818 2663 849 2708 ut
874 2664 902 2710 et
925 2654 1031 2729 ipsius⁰

127 2725 278 2819 imperium
296 2728 355 2785 sibi
381 2729 548 2788 vindicaret.
591 2730 649 2787 Sed
674 2731 824 2787 offendens
844 2731 1031 2808 delphinum?

127 2807 206 2864 mirae
227 2807 443 2884 magnitudinis,
465 2809 514 2883 qui
540 2809 569 2865 in
591 2809 641 2865 illo
661 2811 810 2886 regnabat,
832 2809 872 2867 ita
891 2823 1033 2886 perterre·

122 2886 221 2943 factus
235 2899 287 2957 est,
303 2896 335 2942 ut
337 2906 444 2961 ,quam
459 2890 573 2962 poterat
588 2860 778 2959 celerrImd,
771 2909 801 2946 m
819 2908 932 2948 amnem
946 2911 1033 2950 suum

127 2964 295 3042 refugerem
310 2933 387 3023 uride
402 2985 460 3022 non
476 2965 598 3042 ampliirs
613 2986 699 3023 ausus
714 2977 757 3025 est
771 2971 858 3027 exire.

135 3130 202 3170 41459.
301 3132 371 3172 aaut.
421 3131 570 3184 gddldzbssss·
614 3133 688 3221 iffi
711 3155 713 3164 a
740 3136 814 3175 mart.

139 3180 203 3218 otoo.
302 3192 312 3219 ο
326 3183 371 3221 358.
422 3183 445 3221 it
448 3182 493 3221 419.
644 3183 689 3222 399.
740 3196 755 3224 n
767 3187 812 3224 415.

140 3228 276 3269 abolem
297 3230 315 3278 s
327 3232 372 3271 380.
421 3232 430 3271 ι’
451 3232 531 3281 suppty
543 3241 592 3271 mo.
618 3233 626 3271 l
646 3233 691 3272 432.
742 3235 927 3286 osupplymarta.
