2300 3650
372 291 776 332 :siccensem-ascissens.
925 316 929 323 ,
967 271 1022 328 165

503 441 557 488 sce
579 440 648 487 360.
728 506 737 517 ἱ

411 588 502 645 Latin
516 590 577 645 into
591 586 728 663 English.

161 716 504 795 Litdrasexspect0‚quas
517 718 665 794 scripsisti.

160 796 189 853 Is
204 799 315 854 amicus
324 805 377 868 est,
392 796 441 872 qui
452 796 532 873 juvat
546 797 576 854 in
590 799 677 854 rebus
691 798 824 855 adversis.

160 875 257 932 Tutus
271 874 319 933 ille
332 894 391 932 non
405 886 458 947 est,
473 894 559 950 quem
572 895 674 934 omnes
687 876 820 934 odetunt.
917 898 922 905 ¹

160 953 295 1031 Ingrsstus
309 964 352 1011 est
365 954 462 1025 hoino,
477 955 525 1029 qui
540 973 599 1012 non
613 955 786 1013 beneficium
801 954 903 1013 reddit

160 1032 258 1090 Solem
272 1051 289 1090 e
303 1033 411 1090 mundo
431 1032 545 1104 tollunt,
560 1033 610 1108 qui
632 1034 787 1091 amicitiam
805 1053 821 1092 e
836 1034 893 1091 vitd
907 1034 1022 1091 tollunt.

159 1111 322 1187 Pompeius,
335 1112 384 1186 qui
397 1132 413 1168 a
424 1113 540 1170 Caesdrc
551 1112 645 1170 victus
655 1118 698 1170 est
700 1113 793 1190 ‚fugit
807 1113 842 1170 ad
853 1113 1022 1190 AEgyptum.

160 1190 240 1248 Civis
251 1201 294 1248 cst
308 1192 332 1248 is
335 1191 406 1265 ,qui
420 1191 541 1266 patriam
555 1210 637 1249 suam
652 1191 753 1268 diligit.

159 1270 269 1327 Omnes
283 1289 377 1327 causoe
380 1289 474 1344 ‚quas
488 1272 707 1342 commemdras,
719 1271 883 1346 justissimae
898 1285 972 1328 sunt

159 1336 282 1406 Flumen
297 1358 340 1406 est
354 1350 429 1406 Arar
432 1348 552 1423 ,'qu0d
544 1367 577 1404 m
591 1348 770 1406 Rhodanum
785 1349 886 1407 influit.

158 1427 243 1498 Urbs,
258 1447 343 1503 quam
357 1427 504 1486 Romulus
519 1427 659 1500 condidit,
674 1429 830 1485 vocabatur
844 1427 949 1486 Roma

159 1506 261 1564 Scitis
263 1507 333 1581 ‚qui
348 1507 434 1564 estin
449 1505 586 1577 concilio,
602 1507 636 1564 C.
652 1473 817 1564 Marcellus.

158 1553 301 1644 Consliles
322 1576 357 1643 ad
378 1604 444 1643 eum
458 1588 617 1643 exercitum
619 1604 726 1660 ,quern
749 1587 778 1643 in
794 1585 902 1661 Apulia
922 1586 1019 1655 habui

118 1669 268 1722 venerunt.

372 1869 378 1888 “
409 1858 538 1934 English
554 1858 615 1915 into
629 1858 730 1915 Latin.

118 1987 195 2044 He
189 2006 214 2043 1s
240 1986 333 2062 happy
361 1987 455 2042 whom
482 1986 547 2043 God
590 1985 673 2043 Felix
693 2004 767 2056 sum,
788 1985 838 2061 qui
856 1985 937 2043 Deus
958 1985 1020 2042 dili-

156 2066 243 2123 loves.
649 2083 675 2122 0.

115 2145 197 2202 That
209 2144 337 2209 burden
330 2163 354 2200 1s
368 2143 440 2221 light
453 2142 547 2200 which
591 2086 675 2202 Leiis
702 2143 750 2214 fio,
778 2143 827 2219 qui
852 2143 1019 2216 beneseto,

157 2223 182 2280 is
196 2224 259 2280 well
275 2224 372 2280 borne
630 2242 711 2281 onus

120 2303 284 2360 Whereare
295 2301 481 2366 thosewhom
492 2320 548 2378 you
590 2301 647 2360 Ubi
668 2321 731 2359 sum
753 2302 787 2372 is,
802 2302 851 2377 qui
872 2303 958 2361 miser
980 2304 1020 2381 di·

157 2381 212 2438 call
227 2381 399 2438 miserablel
449 2437 454 2447 ,
630 2383 686 2439 col

116 2460 194 2536 Why
223 2479 269 2517 am
289 2459 304 2516 Ι
331 2459 490 2535 compelled
517 2470 547 2517 to
589 2460 649 2517 Cur
664 2467 781 2518 senatus
795 2479 880 2537 cogo,
896 2463 944 2535 qui
961 2463 1020 2518 lau-

158 2537 286 2597 censure'
295 2538 344 2595 the
365 2549 472 2612 senate,
487 2539 548 2595 that
628 2539 666 2597 do
684 2558 806 2614 semper,
821 2541 1019 2614 reprehendol

157 2618 172 2675 Ι
185 2618 258 2675 hdve
270 2617 374 2692 always
385 2618 548 2675 commend-

157 2698 213 2755 edl

116 2777 166 2834 He
180 2777 205 2833 is
220 2777 306 2833 brace
326 2775 391 2832 who
406 2793 547 2848 conquers
589 2775 685 2833 Fontis
699 2794 772 2846 sum,
790 2775 838 2851 qui
852 2777 897 2832 sui
911 2776 1005 2844 vince.

156 2853 279 2912 himself.

114 2932 185 2991 The
195 2934 267 2990 hour
282 2933 376 2989 which
386 2933 436 2989 has
446 2932 549 3007 passed
591 2932 682 3004 Hora,
708 2933 757 3008 qui
784 2943 932 3009 praetereo,
960 2952 1018 2991 non

157 3023 264 3070 cannot
278 3023 384 3070 return.
629 3012 715 3069 redeo
729 3030 853 3087 possum.

116 3091 129 3147 Ι
155 3111 199 3150 am
218 3090 374 3162 Miltiades,
395 3090 459 3147 who
480 3107 547 3147 con·
589 3090 654 3167 Ego
686 3109 750 3148 sum
783 3089 942 3162 Miltitdes,
969 3091 1017 3167 qui

158 3169 264 3245 quered
278 3168 328 3227 the
340 3169 482 3227 Persians.
627 3169 721 3227 Persae
735 3169 828 3224 vinco.
