2300 3650
387 285 787 339 narremus-nnumin„
980 226 1036 324 Ι137

460 440 517 489 sea
532 438 628 488 3¹18&
645 437 708 517 871.

424 589 518 647 Latio
531 589 593 647 into
607 585 747 665 English.

168 722 302 798 Tempus
316 721 388 780 edax
402 739 499 778 rerum
513 729 566 779 est.

168 801 222 861 Est
235 808 339 860 natirra
353 800 479 858 hominis
492 798 630 857 novitatis
644 797 734 856 avida

168 883 296 940 Animus
311 880 399 938 futuri
431 880 532 936 anxius
546 877 733 937 calamitosus
746 885 799 935 est

169 961 280 1021 Nescia
293 971 337 1018 est
351 978 433 1017 mens
447 958 574 1016 hominis
589 957 640 1015 sati
654 958 797 1032 sortisque
811 955 923 1015 future.

86 1094 93 1097 .
169 1039 320 1115 Plerique*⁸
332 1048 400 1096 sunt
414 1038 513 1114 cupidi
527 1056 624 1095 rerum
638 1045 789 1095 novarum.

169 1118 280 1177 Laudis
295 1118 370 1176 avidi
385 1136 497 1208 semper
512 1117 628 1175 fuimus

170 1198 280 1257 Cicero
293 1197 435 1275 gloriae
407 1196 495 1255 nimis
509 1197 610 1255 avidus
624 1206 694 1255 erat.

169 1277 239 1337 Non
255 1296 286 1335 es
298 1278 438 1354 prodigus
453 1276 524 1334 auri.

169 1357 245 1416 Vive
259 1374 369 1415 memor
383 1355 542 1414 senectutis
555 1362 586 1412 et
599 1352 708 1421 morus.

169 1436 245 1495 Auri
260 1435 425 1495 avidissima
438 1453 510 1512 gens
523 1444 594 1492 erat.

169 1514 240 1574 Este
254 1516 398 1577 memhres
411 1533 507 1573 rerum
522 1514 724 1572 humaniorum.

168 1594 314 1657 Quaedam
329 1593 465 1652 animalia
478 1603 547 1652 sunt
559 1592 635 1651 luois
648 1592 758 1653 timida.

169 1674 391 1750 Theophrastus
405 1673 640 1750 elegantissImus'
649 1671 888 1749 philosophorum
901 1683 971 1732 erat.

128 1832 146 1891 f
168 1752 351 1830 Tarquinius
371 1753 521 1831 Superbus
541 1770 643 1830 regum
668 1751 872 1811 Romanorum
899 1753 1038 1831 septimus

142 1846 193 1891 uli.

424 1942 555 2020 English
567 1945 629 2002 into
642 1944 746 2004 Latin.

127 2074 206 2211 Thos
219 2073 311 2210 Gaulls
335 2092 384 2131 are
402 2091 470 2151 very
494 2074 566 2133 sond
605 2075 708 2133 Gallus
717 2075 830 2135 avidus*
838 2080 951 2135 novitas
964 2097 1037 2172 sum.

170 2173 188 2211 o
214 2172 289 2212 nove
302 2163 340 2228 ty.

130 2232 349 2324 Epaminondas
375 2250 433 2290 was
460 2232 565 2292 skilled
606 2234 824 2311 Epaminondas
853 2238 966 2296 musica
990 2257 1040 2314 pe·

170 2313 200 2370 in
215 2311 319 2369 musio.
645 2319 718 2372 ritus
732 2333 804 2373 sum.

128 2391 197 2450 The
212 2392 331 2449 Roman
351 2389 473 2449 soldiers
489 2410 565 2449 were
606 2392 694 2452 Miles
721 2394 875 2453 Romanus
903 2393 983 2474 algor
1009 2406 1039 2456 et

132 2471 282 2548 patient
295 2470 330 2528 of
341 2469 409 2527 cold
423 2471 480 2529 and
493 2471 566 2529 hun·
647 2473 737 2532 sames
749 2474 863 2550 patiens
877 2494 949 2535 sum.

169 2570 229 2628 ger.

129 2629 274 2705 Posterity
295 2627 352 2685 will
381 2629 418 2688 be
440 2628 564 2689 mindsul
604 2631 762 2691 Posteritas
775 2653 840 2692 sum
858 2633 908 2692 hio
921 2653 967 2693 res
980 2652 1039 2692 me

169 2710 204 2767 os
213 2709 272 2766 this
286 2707 378 2786 thing.
645 2725 717 2770 mor.

128 2788 216 2847 Good
244 2786 340 2869 (men)
369 2806 418 2845 are
441 2786 564 2847 mindsul
605 2788 707 2848 Bonus
729 2792 903 2851 beneficium
926 2811 1038 2851 memor

170 2868 206 2925 of
214 2867 344 2925 benefits.
645 2889 717 2929 sum
892 2873 901 2896 ⁸

84 3025 90 3032 ,
129 2945 200 3005 The
213 2946 327 3005 Greeks
342 2964 481 3005 aremore
495 2946 564 3006 fond
604 2949 725 3016 Graeous
741 2970 804 3008 sum
826 2951 949 3026 cupidus
969 2969 1039 3010 con·

171 3026 206 3083 of
228 3021 415 3164 plontroversy
436 3027 505 3085 than
526 3028 562 3086 of
645 3029 736 3088 tentio
749 3029 836 3106 quam
850 3033 964 3089 veritas.

172 3116 230 3162 trut

130 3182 217 3260 They
231 3202 307 3243 were
320 3195 372 3276 pot
390 3184 512 3244 mindful
526 3185 562 3244 os
604 3186 675 3246 Non
708 3204 818 3246 memor
851 3205 915 3245 sum
946 3186 1037 3247 virtus

171 3281 244 3340 your
257 3274 351 3323 merit.
644 3276 720 3324 tuus.

297 3389 363 3433 naso
793 3390 865 3439 inp.

394 3445 460 3510 12·
