2300 3650
339 291 774 348 :succisus-accusamus,
787 278 849 335 dcc.
990 286 1046 342 147

474 442 529 490 Sec
545 445 710 490 ‹tlh-41³.

433 591 526 648 Latin
540 578 601 649 irato
615 591 753 667 English.

179 716 294 776 Codrus
308 738 339 776 se
354 719 383 776 in
397 721 522 778 medios⁰
538 722 657 779 immisit
671 721 776 778 hostes.
822 708 827 718 ’

179 797 275 856 Proba
289 799 346 855 vita
360 799 405 856 via
419 810 462 857 est
476 801 505 856 in
521 801 635 861 coelum.

180 877 273 934 Stoici
301 877 460 936 diviserunt
490 884 622 937 naturam
650 879 775 937 homiuis
803 879 833 936 in
862 884 988 938 anirnum
1015 893 1044 937 et

140 975 253 1032 corpus.

179 1036 216 1093 T.
232 1035 361 1112 Manlius
376 1037 429 1094 fuit
442 1037 648 1114 perindulgens
662 1037 692 1095 in
706 1047 824 1113 patrem.

179 1115 290 1171 Milites
305 1115 429 1173 Caesiris
444 1117 498 1173 sub
511 1122 639 1174 montem
653 1116 826 1175 succedunt.

179 1193 329 1251 Milticdes
356 1194 474 1266 insulas,
503 1215 566 1271 quaa
597 1196 741 1271 Cyclades
768 1196 963 1268 nominantur,
991 1198 1044 1253 sub

141 1273 364 1330 Atheniensium
379 1274 492 1351 redegit
505 1281 686 1350 potestatem.

179 1351 300 1422 Consul,
317 1371 391 1427 equo
413 1354 515 1411 οἰῑῑιῑοὁ
536 1355 634 1411 subter
659 1373 771 1411 murum
794 1355 919 1413 hostium
941 1355 975 1411 ad
997 1373 1043 1412 oo·

140 1433 238 1488 hortes
250 1432 405 1489 advehitur.
648 1502 650 1511 Ι

179 1509 262 1567 Plato
277 1511 464 1586 cupiditatem
479 1513 577 1568 subter
590 1513 749 1586 precordia
762 1513 876 1571 locavit

109 1604 112 1611 ¹
180 1589 272 1646 Dolor
287 1590 316 1646 in
331 1592 462 1647 maximis
477 1590 559 1647 malis
573 1591 696 1648 ducitur.

180 1669 259 1726 Aves
273 1670 403 1745 quaedam
417 1687 448 1727 se
463 1669 493 1726 in
508 1670 580 1727 mari
594 1682 734 1747 mergunt.

179 1747 345 1806 Decemviri
360 1747 438 1826 leges
453 1748 483 1805 in
497 1748 652 1806 duodecim
668 1750 774 1807 tabirlis
787 1751 974 1824 scripserunt.
997 1812 999 1818 .

180 1829 264 1904 Saepe
278 1838 322 1886 est
336 1827 422 1885 etiam
437 1829 491 1884 sub
504 1828 621 1904 palliblo
635 1829 752 1886 sordido
766 1830 913 1904 sapientia.

430 2015 559 2092 English
572 2017 633 2073 into
647 2018 748 2075 Latin.

138 2142 246 2200 Darius
260 2142 334 2198 built
355 2141 490 2218 abridge
504 2141 572 2198 over
614 2140 720 2200 Darius
739 2161 813 2216 pons
831 2143 906 2199 facio
920 2143 949 2199 in
972 2143 1044 2200 [ster

178 2222 227 2279 the
241 2221 316 2277 river
331 2219 412 2277 Ister.
652 2218 782 2278 flumen?

141 2300 247 2358 Verres
267 2299 339 2356 used
366 2311 396 2355 to
423 2299 496 2356 have
516 2315 573 2356 one
613 2299 719 2357 Verres
730 2302 839 2357 corona
850 2301 957 2358 habeo*
970 2321 1045 2359 unus

178 2379 299 2456 garland
324 2397 400 2455 upon
421 2378 465 2435 his
487 2378 570 2449 head,
652 2379 681 2435 in
693 2389 790 2454 caput,
803 2380 873 2437 alter
885 2380 914 2436 in
927 2381 1042 2439 collum.

180 2458 300 2515 another
315 2477 392 2532 upon
407 2457 451 2514 his
465 2457 549 2514 neck.

139 2536 237 2595 Caesar
259 2536 420 2611 compelled
436 2537 485 2592 the
506 2554 571 2593 ene-
612 2536 710 2594 Caesar
748 2538 837 2594 hostis
865 2540 918 2594 sub
947 2557 1044 2594 murus

178 2635 226 2692 my
246 2627 277 2673 to
299 2615 358 2672 halt
380 2616 502 2672 beneath
523 2615 572 2672 the
654 2617 781 2673 consisto
795 2635 877 2693 cogo.

180 2696 253 2753 wall.

140 2776 168 2832 A
179 2775 276 2832 drawn
291 2774 384 2830 sword
400 2774 490 2850 bangs
505 2792 572 2830 over
614 2773 777 2831 Destrictus
796 2775 873 2832 ensis
885 2794 978 2848 super
995 2776 1043 2829 im-

180 2854 253 2931 (his)
266 2853 391 2928 impious
405 2853 490 2911 neck.
650 2853 716 2930 pius
742 2852 850 2911 cervix‘
862 2853 982 2928 pendeo.

139 2932 240 2990 Youtb
261 2932 349 3007 easily
365 2931 412 2988 sall
434 2932 495 2989 into
516 2932 571 2988 dis·
612 2930 713 2989 Facile
742 2933 771 2989 in
801 2933 917 2989 morbus
947 2932 1043 2988 incido

178 3030 267 3069 eases.
486 3008 490 3016 ’
653 3012 828 3069 adolescens.
971 3070 973 3074 ,
1004 3069 1010 3090 Ι

139 3090 237 3148 Caesar
256 3090 404 3147 withdrew
418 3090 463 3146 bis
478 3089 571 3147 forces
612 3091 706 3164 Copia
727 3110 796 3147 suus
810 3090 907 3145 Caesar
930 3090 957 3143 in
981 3108 1042 3163 pro·

178 3178 209 3227 to
223 3169 272 3226 the
286 3178 400 3226 nearest
414 3168 473 3226 hill.
651 3171 714 3243 pior
728 3169 811 3225 collis
822 3166 961 3222 subduco.

213 3339 283 3379 1359.
355 3335 500 3379 tutum
574 3339 641 3377 0347.
748 3334 830 3373 dm·
914 3332 981 3371 tabl.
