2300 3650
123 281 181 337 rol
371 295 766 339 exspersus-usserius.

393 447 449 496 see
466 446 620 495 441-444
635 445 666 493 ἁ
680 445 752 494 44⁶.

405 594 499 653 Latin
518 592 580 652 iulo
593 592 731 669 English.
750 664 755 679 ‘

160 724 286 784 Athenis
299 735 328 782 et
343 723 552 783 Laeedaemone
565 722 705 780 nunoihta
717 729 761 780 est
775 720 904 779 viotoria.

160 802 325 863 Alexander
341 803 489 878 Babylone
503 812 634 858 mortuus
647 812 698 865 est.

160 882 262 940 Cumis
275 884 372 941 sedern
387 882 476 958 figere
490 880 622 938 destinat.

160 960 305 1019 Leonides
318 979 384 1019 oum
399 960 491 1035 oopiis
505 959 626 1017 delectis
639 957 847 1035 Thermopylis
860 956 976 1016 interiit

161 1039 317 1116 Dionysius
331 1040 482 1096 Platonem
497 1038 624 1095 Athenis
639 1036 795 1095 arcessivit.

160 1117 269 1176 Multus
282 1118 416 1195 epistolas
427 1118 524 1175 Rornti
539 1117 650 1191 accepi.

159 1196 244 1255 Philo
257 1198 344 1255 dorno
357 1197 494 1273 prodigit,
509 1196 707 1271 Romarnque⁰
722 1195 808 1252 venit.

160 1275 248 1333 Forte
263 1277 360 1335 evenit
373 1287 405 1333 ut
418 1276 477 1333 ruri
491 1280 629 1333 essemus.

160 1352 264 1412 Omnis
279 1356 366 1412 humo
380 1355 470 1412 suniat
484 1353 633 1431 Neptunia
645 1352 745 1429 Trojn

161 1434 264 1491 Sidere
278 1435 423 1509 pulchrior
439 1433 486 1491 ille
500 1443 551 1490 est.

158 1511 245 1589 Quid
257 1513 347 1589 tnagis
360 1522 404 1570 est
417 1513 519 1568 durum
534 1529 613 1581 saxo,
628 1510 698 1585 quid
712 1509 827 1567 mollius
840 1509 940 1569 unddl

160 1589 188 1647 0
202 1590 266 1648 sons
281 1591 433 1649 Bandusiae
447 1589 623 1666 splendidior
637 1589 727 1646 vitro!

159 1669 233 1747 Quo
244 1670 308 1744 quis
323 1669 476 1740 indoctior,
491 1687 526 1726 eo
541 1668 743 1743 impudentior.

158 1749 230 1810 Quo
243 1748 307 1826 plus
321 1748 436 1826 habent,
451 1766 486 1804 eo
499 1746 563 1822 plus
578 1747 717 1824 eupiunt«

408 1937 533 2012 English
554 1938 615 1993 into
629 1937 730 1993 Latin.

122 2071 247 2142 Atticus,
259 2071 308 2128 the
320 2071 411 2128 friend
423 2068 459 2127 ol
466 2070 550 2127 Cios-
591 2069 708 2126 Atticus
724 2068 832 2126 Cioew
847 2072 959 2126 amiens
972 2068 1023 2127 diu
1121 2115 1125 2123 .

160 2167 202 2221 ro,
217 2148 292 2207 lived
314 2169 330 2206 a
350 2150 419 2226 long
438 2148 508 2206 time
523 2159 551 2205 at
631 2148 756 2205 Athenae
770 2148 842 2204 vivo.

159 2228 280 2285 Athens.

122 2305 324 2381 Hippocrates,
347 2309 417 2364 born
440 2320 468 2363 at
482 2306 551 2363 Car·
593 2304 1024 2380 Hippoordtes,natusCartht’r·

160 2385 256 2460 thage‚
278 2404 335 2443 was
363 2405 397 2444 sn
423 2386 550 2442 eminent
630 2402 678 2460 go,
700 2402 763 2440 sum
786 2383 906 2460 insignis
932 2385 1024 2441 medi-

159 2463 317 2539 physioian.
535 2501 539 2510 ·
630 2481 690 2519 ous.

121 2541 218 2599 Caesar
246 2543 350 2601 retired
371 2543 443 2600 srorn
466 2543 551 2600 Alex·
592 2541 689 2599 Caesar
703 2540 813 2616 reoipio
831 2541 875 2599 sui
897 2542 1025 2600 Alexan·

160 2619 267 2679 andria.
631 2621 701 2677 dria.

122 2699 284 2771 AEschines‚
307 2701 395 2778 being
416 2701 551 2757 condem·
592 2699 746 2757 AEsohInes
760 2698 913 2757 damnetus
931 2700 1025 2759 Athe·

159 2779 225 2850 ned‚
261 2778 311 2838 leh
336 2780 458 2851 Athens,
495 2780 550 2836 und
632 2797 675 2834 nte
690 2778 773 2849 cedo,
788 2788 817 2835 et
837 2778 881 2835 sui
897 2778 1025 2837 Rhodus

160 2870 234 2915 went
247 2870 278 2916 to
293 2859 420 2917 Rhodes.
630 2856 758 2914 confero.

119 2937 204 3012 They
219 2957 293 2995 were
305 2937 454 3014 unwilling
467 2951 497 2994 to
511 2955 549 3014 go
591 2936 703 2993 Domus
717 2954 788 2993 exeo
802 2936 878 2994 nolo.

161 3017 231 3072 lrorn
247 3017 339 3075 horne.

119 3093 185 3149 'l'he
220 3097 300 3153 more
333 3096 454 3153 difficolt
495 3114 549 3170 any
590 3093 653 3155 Qui
667 3094 732 3167 quis
746 3094 871 3153 difficilis
884 3114 959 3166 sum,
975 3095 1024 3153 hie

159 3173 241 3249 thing
255 3175 289 3245 is,
310 3176 359 3233 the
379 3193 459 3232 more
480 3175 549 3230 hon·
628 3173 792 3248 praeolr'rrus.

159 3252 265 3309 orable.

534 3376 596 3413 aliti
