2300 3650
118 242 152 296 17
157 242 175 296 4
438 254 505 292 nire
527 253 563 291 or
584 253 704 291 roseria.

154 391 282 448 Jaodbus
303 392 451 467 respondit
477 393 556 470 regi:
586 391 682 449 “Vixi
709 402 826 449 centuni
847 403 876 447 et
896 391 1015 467 triginta

115 488 215 541 annos,
237 489 292 527 nee
314 471 432 546 adeptus
459 490 521 528 sum
550 474 728 528 senectritem
756 471 870 527 bestam
898 472 1015 526 avdrnnr

115 550 244 605 merirum
256 569 262 605 ε
274 551 290 575 ”
312 560 372 606 turn
388 551 461 607 bene
475 556 609 625 precatus
623 549 685 626 regi
699 548 832 606 discessit
846 550 881 605 ab
895 567 940 606 eo.

111 644 115 651 ’
152 627 297 702 dossphus
318 641 412 686 autern
432 641 541 704 patrsrn
562 639 593 691 et
613 627 713 684 fratres
733 647 801 685 suos
815 628 972 685 collocavit
985 629 1015 685 in

113 708 221 780 optImri
241 718 322 781 parte
343 707 471 783 AEgypti,
486 707 586 781 eisque
606 707 735 763 omniurn
755 725 851 764 rerum
869 706 1017 764 abundan-

112 783 182 841 tiam
196 785 397 861 suppeditr'rvit

141 961 188 1019 39.
209 960 299 1020 Jacob
312 971 436 1039 requests
450 971 479 1019 to
492 962 530 1097 irpsv
537 962 664 1098 iplterred
674 964 705 1019 in
725 963 770 1019 tlte
790 962 875 1019 Tomb
889 962 927 1038 of
941 963 985 1019 Iris

528 1061 545 1098 α
568 1062 630 1099 rers.
743 1084 744 1087 η

151 1137 169 1195 J
172 1140 279 1196 acribus
293 1140 363 1196 vixit
383 1150 492 1215 septem
506 1150 535 1197 et
548 1140 650 1197 decern
670 1158 760 1197 annos
772 1149 923 1215 postquam
938 1158 1017 1197 eom·

112 1218 263 1295 migrdrst‘
279 1218 308 1275 in
324 1219 489 1295 AEgyptum.
570 1268 572 1275 ,

150 1296 208 1354 Ubi
222 1298 311 1354 sensit
332 1308 452 1355 mortem
471 1297 526 1355 sibi
541 1297 704 1369 imminere,
720 1300 858 1355 arcessito
872 1296 1015 1373 Josspho,

111 1375 202 1433 dixit:
224 1383 242 1409 “
254 1376 286 1433 si
307 1395 353 1434 me
375 1395 462 1448 amas,
474 1376 539 1453 jura
559 1389 588 1433 te
609 1376 638 1433 id
661 1376 803 1435 iactnrurn
817 1394 890 1447 esse,
905 1376 1015 1450 quoda

111 1464 140 1511 te
160 1458 278 1530 petam‚⁶
300 1455 413 1512 scilieet
433 1466 465 1512 ut
485 1474 522 1513 ne
543 1473 590 1512 me
610 1454 732 1530 sepelias
753 1455 782 1511 in
805 1454 942 1530 AEgypto,
963 1454 1016 1512 sed

111 1551 216 1607 eorpus
236 1552 331 1591 meurn
352 1535 513 1591 transferas
533 1553 569 1591 ex
589 1533 645 1590 hac
666 1534 795 1610 regidne,
810 1543 839 1590 et
859 1532 970 1590 condas
984 1534 1015 1590 in

111 1612 242 1686 sepulcro
256 1612 397 1688 majdrum
411 1613 570 1670 medrum.¹’
659 1670 662 1675 .

150 1689 296 1765 Jossphus
316 1701 431 1750 sutem:
459 1691 636 1763 “Faciam,''
659 1691 762 1765 inquit,
784 1692 891 1766 “qnod
917 1691 1014 1766 jubes,
1037 1688 1042 1699 '

109 1770 217 1844 pater.’'
900 1766 910 1781 ‘

150 1848 251 1906 “dura
270 1868 340 1926 ergo
361 1849 460 1920 mihi‚’'
478 1850 517 1906 ait
537 1849 676 1919 Jacdbus,
692 1855 749 1907 “te
770 1855 850 1908 eertd
872 1850 901 1906 id
923 1850 1015 1907 sactis-

110 1945 173 1983 rum
188 1929 279 1985 esse.'’

149 2005 294 2083 Jnsephus
305 2006 413 2083 juravit
427 2008 457 2064 in
472 2008 558 2065 verba
570 2008 669 2083 patris.

186 2198 234 2257 40.
254 2198 359 2275 Joseplr
366 2219 445 2277 pays
459 2199 503 2258 tis
518 2200 575 2258 last
589 2200 698 2259 Duties
712 2209 741 2258 to
753 2202 798 2258 lais
812 2199 931 2258 Fatder.

148 2337 188 2394 Ut
200 2335 271 2394 vidit
290 2335 623 2413 Josdphus'exstinetum
635 2347 755 2415 patrem,
771 2338 829 2395 ruit
844 2356 929 2414 super
944 2357 1013 2396 eum

109 2414 190 2486 flens,
205 2426 234 2472 et
247 2415 394 2473 osculatus
408 2426 451 2485 est
464 2435 541 2489 eum,
554 2417 685 2491 luxitque
699 2416 780 2476 illurn
795 2416 853 2475 diu.

148 2493 263 2552 Deinde
283 2494 422 2572 praecepit
448 2494 581 2553 medidis‘
604 2505 636 2552 ut
662 2496 816 2554 condirent
842 2514 958 2571 eorpus,
981 2509 1014 2554 et

109 2573 171 2649 ipse
191 2591 258 2630 curn
280 2572 413 2632 fratribus
427 2574 582 2650 multisque
596 2574 741 2652 AEgyptiis
754 2585 865 2650 patrem
878 2574 1018 2650 deporta-

110 2652 150 2709 vit
163 2653 193 2709 in
207 2652 356 2729 regidnern
371 2652 519 2711 Chanaan.

148 2731 193 2789 Ibi
208 2731 294 2796 sunus
308 2730 441 2789 iecerunt
451 2750 519 2789 eum
532 2749 640 2809 magno
651 2731 781 2808 planctu,
792 2743 822 2791 et
831 2731 1015 2807 sepelierunt

52 2837 56 2844 ·
109 2828 214 2885 eorpus
228 2810 258 2868 in
269 2809 418 2885 speluned‚
429 2810 479 2867 ubi
491 2809 630 2886 jacebant
639 2811 824 2868 Abrahsimus
837 2821 867 2868 et
879 2811 1017 2885 Isarcus,

109 2893 272 2964 reverquue
287 2889 398 2947 suntin
413 2889 580 2966 AEgyptum.

276 3055 383 3109 ⁶953,ss
449 3089 451 3096 r
545 3056 613 3097 ΜῚΒ.
783 3058 850 3099 ο391.
