2300 3650
140 296 196 351 164
453 310 521 349 urrrr
542 310 580 348 or
599 311 718 349 rosera.

136 468 208 526 quos
227 451 350 527 pistirres
370 450 463 508 solent
481 449 634 508 conficere.
679 449 758 508 Ecce
779 461 874 507 autem
897 470 963 508 aves
983 451 1042 508 cir·

137 530 373 601 cumvolitabant,
385 540 414 587 et
434 528 515 586 cibos
536 529 600 586 illos
621 528 840 587 comedebant.”

176 609 233 666 Cui
247 607 449 686 Josephus:*“
461 608 538 665 Haec
548 619 592 665 est
607 609 802 684 interpretatio
817 608 900 665 istius
913 609 1037 667 somnii:

136 687 192 745 tria
212 688 337 745 canistra
356 699 423 745 sunt
442 699 500 746 tres
520 687 592 758 dies,
611 685 729 762 quibus‘*
751 686 855 763 elapsis
877 687 987 745 Pharao
1008 699 1038 745 te

137 765 220 824 feriet
239 767 345 878 securi,
372 777 401 824 et
426 766 528 843 affiget
549 767 584 823 ad
605 766 711 842 palum,
727 766 775 824 ubi
797 784 863 824 aves
882 777 1037 843 pascentur

137 863 224 903 carne
238 846 315 904 tub.''

218 1024 262 1081 12.
300 1023 360 1082 Tne
374 1006 626 1100 Abcomplisbment
639 1023 729 1100 oftbr
743 1034 796 1082 two
810 1025 943 1083 Drcams.
1016 1110 1019 1114 Δ

175 1160 232 1218 Die
246 1160 340 1232 tertio,
356 1160 404 1235 qui
416 1160 478 1219 dies
487 1161 592 1218 natalis
602 1161 761 1219 Pharaonis
772 1173 843 1233 erat,
854 1161 1037 1237 splendidum

136 1239 299 1297 convivium
312 1238 483 1316 parandum⁶
500 1240 559 1298 suit.

175 1318 264 1376 Tunc
277 1337 328 1377 rex
341 1319 472 1377 meminit
487 1320 683 1378 ministrorum
704 1321 832 1391 suorum,
847 1319 896 1395 qui
910 1329 992 1378 eraut
1005 1339 1037 1377 ru

135 1400 263 1455 carcere.
1006 1423 1008 1428 ’

172 1475 315 1534 Restituit
327 1476 466 1552 praesecto
479 1476 684 1552 pincernarum
699 1478 761 1554 ejus
775 1496 900 1548 munus3
921 1477 1046 1536 alterum

132 1553 199 1613 verb
214 1555 310 1612 securi
332 1573 501 1629 percussum
519 1557 677 1631 suspendit
702 1557 850 1633 alligatum
876 1557 912 1615 ad
935 1558 1045 1633 palum.

87 1652 90 1660 ’
131 1632 177 1690 Ita
191 1653 237 1691 res
251 1634 395 1690 somnium
410 1630 617 1709 comprobavit.

176 1713 290 1771 Tamen
310 1712 462 1789 praefectus
481 1714 686 1789 pincernarum
699 1714 806 1772 obiitus
824 1725 868 1771 est
888 1713 1037 1791 Joscphi,⁶

136 1811 192 1851 nec
206 1792 284 1851 illius
298 1791 328 1851 in
343 1811 374 1851 se
387 1790 496 1852 meriti‘
511 1793 679 1853 recordatus
693 1804 744 1852 est.

346 1991 390 2048 13.
417 1990 504 2068 Kartg
517 1991 681 2050 Pbaraob’s
696 1992 827 2051 Dreams.

176 2128 245 2194 Post
259 2126 408 2183 biennium
422 2144 473 2183 rex
487 2126 546 2201 ipse
560 2126 661 2183 habuit
673 2126 824 2184 somnium.

175 2206 336 2263 Videbatur
350 2204 404 2261 sibi
426 2204 538 2261 adstare
552 2204 623 2261 Nilo
638 2205 748 2263 flumini
760 2204 785 2275 ;‘
807 2216 837 2263 et
856 2225 927 2278 ecce
947 2227 1039 2267 emer·

137 2285 244 2362 gabant
265 2284 301 2341 de
322 2283 440 2340 flumine
456 2293 564 2359 septem
585 2303 681 2341 vaocae
702 2285 833 2361 pingues,
855 2305 917 2360 quae
937 2306 1039 2363 pasce-

137 2364 240 2422 bantur
255 2362 284 2420 in
295 2362 408 2437 palude.
449 2361 564 2419 Deinde
574 2374 683 2438 septem
696 2363 757 2421 aliae
768 2383 863 2421 vaccae
875 2365 1038 2424 macilenta

137 2442 270 2500 exierunt
283 2460 318 2506 ex
332 2439 434 2499 eodem
448 2439 577 2512 flumine,
591 2461 654 2516 quae
669 2442 855 2499 devorarunt!
866 2444 986 2518 priores.

176 2520 288 2577 Pharao
317 2530 500 2595 experrectus
526 2537 639 2577 rursum
672 2520 816 2592 dormivit,
851 2531 880 2579 et
913 2523 1037 2581 alterum

137 2599 237 2657 habuit
250 2598 401 2656 somnium.

177 2680 294 2754 Septem
320 2676 407 2753 spicae
431 2676 523 2752 plenie
549 2678 759 2736 enascebantur
786 2679 816 2737 in
842 2697 901 2737 uno
928 2679 1037 2755 culmo,

138 2758 257 2832 aliaque
277 2756 397 2814 totidem
417 2755 507 2814 exiles
520 2757 753 2830 succrescebant,
774 2768 804 2816 et
823 2758 916 2835 spicas
936 2759 1038 2835 plenas

138 2836 373 2909 consumebant„

169 3014 214 3072 14.
249 3012 309 3071 aaa
324 3010 529 3089 mersantur
542 2975 643 3090 aaa
657 3011 805 3091 arnapa
818 3022 846 3071 n
859 3014 905 3073 tn
919 3015 1016 3092 Ktng.

176 3150 235 3209 Ubi
263 3150 365 3224 illuxit,
392 3149 504 3208 Pharao
519 3150 713 3227 ¹perturbatus
739 3156 922 3260 convocarit¹
935 3174 1036 3216 omnes

195 3320 265 3362 0⁴⁴7.
338 3318 537 3363 bfflwcffl.
599 3319 670 3360 1892.
743 3321 810 3363 σθω.
868 3323 971 3376 ΗΜ.

421 3390 730 3457 *1119proean
