2300 3650
136 261 192 319 156
358 282 807 321 exsecrares-summarias.

413 498 418 503 Α
468 431 523 478 seo
537 431 696 478 mum·

424 578 515 636 Latin
529 579 590 636 into
606 578 740 655 English.

169 708 199 767 N
201 727 239 767 on
252 728 316 766 sum
331 710 371 767 ita
383 710 472 766 hebes
485 719 517 765 ut
532 709 606 766 istuo
620 709 742 768 dicam?

169 788 385 864 Epaminondas
405 787 585 862 eloquentia⁴³
600 787 734 862 perfecit,
749 798 781 845 ut
796 788 916 846 auxilio⁸
938 789 1034 847 socio·

131 886 192 924 rum
209 867 421 926 Laoedmmonii
435 868 622 942 privarentur.

169 946 345 1018 Pavorem,
360 965 397 1004 ue
411 956 504 1003 castra
519 946 610 1002 hostis
625 948 837 1022 aggrederetur.

170 1027 279 1102 Adjuta
292 1045 348 1096 me,
363 1023 419 1100 qud
436 1025 463 1081 id
476 1025 523 1081 fiat
539 1024 660 1082 facilius.

168 1104 249 1163 Nihil
266 1118 320 1176 est,
336 1106 404 1179 quin
419 1102 493 1161 maid
508 1104 651 1160 narrando
662 1104 752 1179 possit
766 1104 923 1179 depravari.
983 1128 984 1131 ¹

169 1184 282 1242 Avertit
296 1202 394 1274 equos,
409 1184 574 1259 priusquam
589 1183 694 1257 pahdla
706 1181 881 1272 gustassent
897 1182 1006 1261 Trojae.

169 1263 266 1341 Negat
280 1283 310 1321 se
321 1264 405 1334 scire,
421 1261 487 1319 edm
502 1271 598 1318 tamen
613 1261 710 1318 haud'
705 1263 836 1338 ignoret.

170 1342 321 1400 Zenonem
326 1361 430 1416 ,quum
441 1340 565 1398 Athenis
576 1359 679 1412 essem,
690 1341 843 1398 audiebam
858 1340 1031 1415 frequenter

169 1421 266 1479 Caesar
281 1422 440 1496 equitatum
455 1438 570 1477 omnem
582 1387 741 1496 praemittit,
756 1419 957 1495 qui¹‘videant‚'¹
962 1441 1035 1496 quas

131 1501 160 1557 iu
173 1512 268 1575 partes
280 1512 332 1557 rter
348 1500 472 1556 faciant?
559 1539 561 1543 -
1121 1494 1123 1501 ’

169 1579 269 1650 Erant,
284 1580 388 1653 quibus
403 1575 587 1653 appetentior
595 1576 692 1635 famaet
706 1576 878 1639 rideretur?

169 1653 310 1715 Cauinlhs
322 1658 375 1714 suit
393 1657 475 1714 miris
476 1656 525 1712 lod
538 1653 709 1732 vigilantio:
723 1655 772 1732 qui
786 1674 839 1713 suo
853 1667 915 1714 toto
929 1675 1035 1715 consu·

129 1735 205 1797 lotus
218 1755 350 1813 somnum
364 1755 423 1793 non
437 1735 549 1792 viderit.

169 1815 266 1894 Negat
274 1816 335 1893 jus!
346 1835 420 1888 esse,
429 1814 478 1891 qui
489 1813 571 1872 miles
579 1833 638 1872 uon
649 1813 696 1886 sit,
706 1821 851 1892 pugnare*
862 1834 929 1872 oum
939 1815 1029 1874 hoste

286 1963 290 1973 ·
335 1959 338 1966 V
420 2004 549 2083 English
562 2006 623 2064 into
637 2006 739 2064 Latin.

131 2137 206 2194 How
229 2138 299 2195 does
323 2138 345 2194 it
366 2138 478 2214 huppen
498 2137 560 2194 that
598 2136 662 2199 Qui
674 2137 723 2209 lio,
735 2147 864 2195 utnemo
878 2148 1034 2197 contentus

169 2234 207 2273 no
221 2235 276 2274 oue
297 2217 367 2274 lives
382 2217 558 2274 eontentedl
639 2216 726 2273 rivol

133 2294 178 2352 lle
207 2296 374 2353 commanda
394 2296 560 2353 Volusenus
601 2295 777 2354 Volusenus¹
805 2294 912 2352 mando
936 2307 968 2353 ut
997 2297 1059 2373 adu

168 2383 198 2430 to
212 2384 309 2431 return
324 2384 354 2431 to
368 2374 435 2431 him.
638 2374 684 2431 sui
704 2387 840 2432 revertor.
1026 2432 1028 2442 ,

129 2451 215 2509 Take
229 2471 296 2510 oare
309 2454 377 2510 that·
387 2453 509 2530 nothing
522 2455 559 2511 be
599 2452 680 2511 Curo
694 2454 807 2530 nequis
821 2454 846 2511 is
861 2452 971 2513 desum.

132 2575 136 2584 ,
169 2533 295 2609 wanting
308 2543 337 2589 to
352 2531 420 2589 him.

132 2610 218 2668 What
238 2611 276 2667 do
296 2630 352 2686 you
373 2610 444 2668 wish
461 2611 523 2669 that
542 2610 558 2668 1
597 2609 677 2673 Quis
687 2611 753 2669 volo
767 2612 865 2670 saciol

169 2690 271 2747 should
286 2690 343 2747 dol

130 2767 219 2845 Many
233 2769 330 2846 things
345 2788 392 2828 are
406 2768 441 2826 os
455 2768 527 2827 such
542 2788 559 2827 a
598 2767 710 2827 Multus
728 2789 774 2827 res
794 2790 857 2829 sum
877 2772 1033 2862 ejusmodi,

169 2848 240 2905 kind
264 2849 325 2906 that
352 2867 391 2905 no
423 2866 478 2907 one
502 2867 557 2907 ean
638 2849 687 2925 qui
711 2854 804 2907 exitus
828 2869 914 2909 nemo
938 2852 1034 2926 provi·

168 2927 278 2986 soresee
291 2927 383 2985 their
377 2946 461 2986 lssue.
639 2929 695 2985 deo
708 2948 833 3021 possum.

129 3005 159 3063 Is
185 3008 265 3065 there
290 3026 344 3083 any
362 3025 419 3065 one
445 3006 541 3064 who'
533 3026 558 3065 rs
600 3008 648 3064 An
689 3027 752 3065 sum
783 3009 945 3084 quisquam,
982 3010 1045 3084 qui

169 3085 302 3163 ignorant
316 3086 351 3145 of
359 3086 436 3144 thisl
638 3085 696 3144 hid
713 3086 839 3164 ignorol

152 3233 217 3274 3430.
373 3236 439 3278 1³75.
625 3237 634 3277 4
644 3237 688 3278 301.
746 3238 817 3282 ntra

152 3281 216 3323 3438.
796 3288 1027 3377 tridentanam

152 3330 323 3421 cattaneus
328 3286 439 3431 giiii.
620 3287 795 3390 laurir
745 3350 757 3377 ο

393 3384 585 3437 tissimum
624 3386 686 3427 rsus
